%%BIBLIOGRAFIA=======================================
@manual{mt:BoshSpec,
	author={Robert Bosch GmbH},
	title={{\textit{CAN Specification}}},
	organization={BOSCH},
	year={1991},
}

% Cambiare manual, book, proceding a seconda del tipo